@article{kermack1927contribution,
	title={A contribution to the mathematical theory of epidemics},
	author={Kermack, William Ogilvy and McKendrick, Anderson G},
	journal={Proceedings of the royal society of london. Series A, Containing papers of a mathematical and physical character},
	volume={115},
	number={772},
	pages={700--721},
	year={1927},
	publisher={The Royal Society London}
}
 
@article{chowell2016growing,
	title={Is it growing exponentially fast?--impact of assuming exponential growth for characterizing and forecasting epidemics with initial near-exponential growth dynamics},
  	author={Chowell, Gerardo and Viboud, C{\'e}cile},
  	journal={Infectious disease modelling},
  	volume={1},
  	number={1},
  	pages={71--78},
  	year={2016},
  	publisher={Elsevier}
}

@electronic{divyansh_covid_1,
	title={SARS-CoV-2: An Analysis of Spread of Infection},howpublished={\url{https://github.com/divyanshchahar/coronavirus_confirmed_analysis/tree/master/reports}},
	publisher={Divyansh Chahar},
	year={2020},
	month={June},
	note={Accessed: 19 June 2020}
}

@book{Abramson2015,
	address = {Houston},
	author = {Abramson, Jay and Falduto, Valeree and Gross, Rachael and Lippman, David and Rasmussen, Melonie and Fernandez, Christina and Whipple, Harold 	and Magnier, Jean-Marie and Norwood, Rick and Belloit, Nicholas},
	isbn = {978-1-947172-12-8},
	publisher = {OpenStax},
	title = {{College Algebra}},
	howpublished = {\url{https://openstax.org/details/books/college-algebra}},
	year = {2015}
}